@article{bily2019effect,
  title={Effect of kinetics parameters on transients calculations in external source driven subcritical VR-1 reactor},
  author={Bily, Tomas and Rataj, Jan and Huml, Ondrej and Chvala, Ondrej},
  journal={Annals of Nuclear Energy},
  volume={123},
  year={2019},
  publisher={Elsevier}
}

